
@MISC{methode,
   AUTHOR       = "Cochonneau Gérard, Gardoll Sébastien, Bonnet Marie-Paule1.",
   TITLE        = "UNE PLATEFORME DE MODELISATION DE LA VARIABILITE SPATIO-TEMPORELLE DES FLUX AU SEIN DU BASSIN AMAZONIEN",
   YEAR         = "2008",
   NOTE         = "\url{http://www.iwra.org/congress/2008/resource/authors/abs580_article.pdf}, consult\'e le 12/06/2016"
}
@MISC{laravel,
   AUTHOR       = "Laravel",
   TITLE        = "Introduction",
   YEAR         = "2014",
   NOTE         = "\url{http://lydiane.me/pdf/Tut_Laravel.pdf}, consult\'e le 29/05/2016"
}
@MISC{android,
   AUTHOR       = "Béatrice Bertrand ",
   TITLE        = "Présentation android.",
   YEAR         = "2014",
   NOTE         = "\url{http://www.cndp.fr/crdp-rouen/images/cddp27/pdf/presentation_android.pdf}, consult\'e le 10/09/2016"
}
@MISC{soap,
   AUTHOR       = "Don Box, DevelopMentor, David Ehnebuske, IBM, Gopal Kakivaya, Microsoft, Andrew Layman, Microsoft, Noah Mendelsohn, Lotus Development Corp., Henrik Frystyk Nielsen, Microsoft, Satish Thatte, Microsoft, Dave Winer, UserLand Software",
   TITLE        = "SOAP : Simple Object Access Protocol",
   YEAR         = "2000",
   NOTE         = "\url{https://msdn.microsoft.com/fr-fr/library/bb469912.aspx}, consult\'e le 10/09/2016"
}

@MISC{rest,
   AUTHOR       = "Terasolunaorg",
   TITLE        = "RESTful Web Service",
   YEAR         = "2002",
   NOTE         = "\url{http://terasolunaorg.github.io/guideline/5.0.0.RELEASE/ja/ArchitectureInDetail/REST.html}, consult\'e le 20/05/2016"
}

@MISC{mvc,
   AUTHOR       = "Zaman Riaz",
   TITLE        = "Understanding MVC",
   YEAR         = "2014",
   NOTE         = "\url{https://code.tutsplus.com/tutorials/from-beginner-to-advanced-in-opencart-understanding-mvc--cms-21627}, consult\'e le 10/09/2016"
}

@MISC{apache,
   AUTHOR       = "Force Interactive",
   TITLE        = "Lexique",
   YEAR         = "2002",
   NOTE         = "\url{http://www.force-interactive.com/force_interactive-fr-idm-11-n-lexique.html}, consult\'e le 02/10/2016"
}
@MISC{mysql,
   AUTHOR       = "MySQL",
   TITLE        = "MySQL server",
   YEAR         = "2007",
   NOTE         = "\url{https ://www.mysql.fr/}, consult\'e le 16/09/2016"
}
@MISC{poweramc,
   AUTHOR       = "Techno Science",
   TITLE        = "PowerAMC",
   YEAR         = "2007",
   NOTE         = "\url{http://www.techno-science.net/?onglet=glossaire&definition=764}, consult\'e le 16/09/2016"
}
@MISC{moking,
   AUTHOR       = "Justas Markus",
   TITLE        = "MockingBot – Wireframe Tool You Must Try",
   YEAR         = "2016",
   NOTE         = "\url{https://despreneur.com/mockingbot-review/}, consult\'e le 16/09/2016"
}
@MISC{sublim,
   AUTHOR       = "Jill-Jênn Vie",
   TITLE        = "Mon utilisation de Sublime Text 3",
   YEAR         = "2013",
   NOTE         = "\url{http://perso.crans.org/besson/sublimetext.fr.html}, consult\'e le 16/09/2016"
}
@MISC{androidstudio,
   AUTHOR       = "01net",
   TITLE        = "Android Studio",
   YEAR         = "2016",
   NOTE         = "\url{http://www.01net.com/telecharger/windows/Programmation/creation/fiches/129241.html}, consult\'e le 16/09/2016"
}

@MISC{isis,
   AUTHOR       = "Elektronique",
   TITLE        = "Proteus (ISIS et ARES)",
   YEAR         = "2015",
   NOTE         = "\url{http://www.01net.com/telecharger/windows/Programmation/creation/fiches/129241.html}, consult\'e le 16/09/2016"
}

@MISC{arduino,
   AUTHOR       = "Dirobots",
   TITLE        = "Arduino",
   YEAR         = "2016",
   NOTE         = "\url{https://www.dirobots.com/fr/19-arduino}, consult\'e le 02/10/2016"
}

@MISC{hc05,
   AUTHOR       = "Smarttcontrol",
   TITLE        = "Módulo Bluetooth Serial Rs232 Hc-05",
   YEAR         = "2016",
   NOTE         = "\url{http://www.smarttcontrol.com.br/pd-15e4ef-modulo-bluetooth-serial-rs232-hc-05.html}, consult\'e le 02/10/2016"
}

@MISC{presistance,
   AUTHOR       = "GÉNIE ÉLECTRIQUE",
   TITLE        = "La Photorésistance 'LDR'",
   YEAR         = "2016",
   NOTE         = "\url{http://for-ge.blogspot.com/2015/05/la-photoresistance-ldr.html}, consult\'e le 02/10/2016"
}
@MISC{3t,
   AUTHOR       = "François Lasselin",
   TITLE        = "Le Design Pattern MVC en PHP",
   YEAR         = "2009",
   NOTE         = "\url{http://blog.nalis.fr/index.php?post/2009/10/19/Architecture-%3A-Le-Design-Pattern-MVC-en-PHP}, consult\'e le 02/10/2016"
}
@MISC{soapg,
   AUTHOR       = "Chabane Refes",
   TITLE        = "Les services Web",
   YEAR         = "2016",
   NOTE         = "\url{https://openclassrooms.com/courses/les-services-web}, consult\'e le 02/10/2016"
}
